@Book{SmMApps,
  author = 	 {Verclas, S. and Popien-Linnhoff,C.},
  ALTeditor = 	 {Editor},
  title = 	 {Smart Mobile Apps - Mit Business-Apps in
Zeitalter mobile Geschäftsprozesse},
  publisher = 	 {Springer-Verlag Berlin Heidelberg},
  year = 	 {2012},
}
@Book{MoApp1,
  author = 	 {Maske, P.},
  title = 	 {Mobile Applikationen 1},
  publisher = 	 {Springer Gabler},
  year = 	 {2012},
}
@Book{MoApp2,
  author = 	 {Maske, P.},
  title = 	 {Mobile Applikationen 2},
  publisher = 	 {Springer Gabler},
  year = 	 {2012},
}
@Book{AppsPhoneGap,
  author = 	 {Steyer, R.},
  title = 	 {Apps mit PhoneGap entwickeln},
  publisher = 	 {Hanser},
  year = 	 {2013},
}
@Book{App4U,
  author = 	 {Aichele, C.},
  title = 	 {App4U},
  publisher = 	 {Springer Vieweg},
  year = 	 {2014},
}

@online{SmOSMaQ1,
title = {Smartphone OS Market Share, Q1 2015},
month={29.05},
year= {2015},
url={http://www.idc.com/prodserv/smartphone-os-market-share.jsp}
}

@online{BIT,
title = {44 Millionen Deutsche nutzen ein Smartphone},
url ={https://www.bitkom.org/de/presse/8477_81896.aspx},
month={29.05},
year={2015},
}
@online{MX,
title = {Microsoft angeblich an Xamarin interessiert},
url = {http://www.heise.de/developer/meldung/Microsoft-angeblich-an-Xamarin-interessiert-2150136.html},
month = {19.03},
year = {2014},
}
@online{10BestCPMDT,
title = {Ten of the Best Cross-Platform Mobile Development Tools for Enterprises},
url = {http://appindex.com/blog/ten-best-cross-platform-development-mobile-enterprises/},
month = {16.10},
year = {2014},
}
